=LDR  02684cjm a2200397 a 4500
=001  18420986
=003  LC
=005  20141229125738.0
=007  sd\fsngnnmmned
=008  141229s2012\\\\nyurcn|\\\\\\\\\\\|\eng\\
=010  \\$a  2014627577
=028  02$aRTCD 1004$bRakish Tilt Records
=100  1\$aMcCarthy, Cormac$c(Singer)$4prf$1https://isni.org/isni/0000000046450913$4http://rdaregistry.info/Elements/e/object/P20039
=240  10$aCurious thing$kRecordings collection$1https://isni.org/isni/0000000046450913/curiousthing
=245  10$aCurious thing$h[sound recording] /$cCormac McCarthy.
=260  \\$aSouth Berwick, ME :$bRakish Tilt Records,$c[2006]
=300  \\$a1 sound disc :$bdigital ;$c4 3/4 in.
=336  \\$aperformed music$2rdacontent$0http://rdaregistry.info/termList/RDAContentType/1011
=337  \\$aaudio$2rdamedia$0http://rdaregistry.info/termList/RDAMediaType/1001
=338  \\$acompact disc$2rdacarrier$0http://rdaregistry.info/termList/RDACarrierType/1013
=500  \\$aCompact disc.
=505  0\$aSpring snow -- Curious thing in the middle -- The asylum of your arms -- Fishing -- Easy as Pi -- Second skin -- This beautiful place -- Great big day -- So many miles -- Follow your heart -- A little something -- While the world is sleeping.
=700  12$aMcCarthy, Cormac$tSpring snow$1https://isni.org/isni/0000000046450913/curiousthing/01
=700  12$aMcCarthy, Cormac$tCurious thing in the middle$1https://isni.org/isni/0000000046450913/curiousthing/02
=700  12$aMcCarthy, Cormac$tThe asylum of your arms$1https://isni.org/isni/0000000046450913/curiousthing/03
=700  12$aMcCarthy, Cormac$tFishing$1https://isni.org/isni/0000000046450913/curiousthing/04
=700  12$aMcCarthy, Cormac$tEasy as Pi$1https://isni.org/isni/0000000046450913/curiousthing/05
=700  12$aMcCarthy, Cormac$tSecond skin$1https://isni.org/isni/0000000046450913/curiousthing/06
=700  12$aMcCarthy, Cormac$tThis beautiful place$1https://isni.org/isni/0000000046450913/curiousthing/07
=700  12$aMcCarthy, Cormac$tGreat big day$1https://isni.org/isni/0000000046450913/curiousthing/08
=700  12$aMcCarthy, Cormac$tSo many miles$1https://isni.org/isni/0000000046450913/curiousthing/09
=700  12$aMcCarthy, Cormac$tFollow your heart$1https://isni.org/isni/0000000046450913/curiousthing/10
=700  12$aMcCarthy, Cormac$tA little something$1https://isni.org/isni/0000000046450913/curiousthing/11
=700  12$aMcCarthy, Cormac$tWhile the world is sleeping.$1https://isni.org/isni/0000000046450913/curiousthing/12
=511  0\$aCormac McCarthy, vocals, guitar, harmonica ; with assisting musicians.
=518  \\$aRecorded at Hi-N-Dry Studios, Cambridge, Mass.

