=LDR  02923cjm a2200445 a 4500
=001  12077961
=003  LC
=005  20180205105259.0
=007  sd\fsngnnmmned
=008  960405s1995\\\\ctuppn|\\d\\\\\\\\|\eng\\
=010  \\$a   99593414 
=024  1\$a048248212229
=028  02$aGLCD 2122$bGreen Linnet
=100  1\$aMcCarthy, Cormac$c(Singer)$4prf$1https://isni.org/isni/0000000046450913$4http://rdaregistry.info/Elements/e/object/P20039
=240  10$aPicture gallery blues$kRecordings collection$1https://isni.org/isni/0000000046450913/picturegalleryblues
=245  10$aPicture gallery blues$h[sound recording] /$cCormac McCarthy.
=260  \\$aDanbury, CT :$bGreen Linnet,$cp1995.
=300  \\$a1 sound disc :$bdigital ;$c4 3/4 in.
=336  \\$aperformed music$2rdacontent$0http://rdaregistry.info/termList/RDAContentType/1011
=337  \\$aaudio$2rdamedia$0http://rdaregistry.info/termList/RDAMediaType/1001
=338  \\$acompact disc$2rdacarrier$0http://rdaregistry.info/termList/RDACarrierType/1013
=440  \0$aRedbird series
=500  \\$aAll songs written by Cormac McCarthy except Marigold Hall, written by Bill Morrissey and Cormac McCarthy.
=500  \\$aCompact disc.
=500  \\$aFolk-pop music.
=500  \\$aLyrics inserted in container.
=505  0\$aThe immigrant gangster (3:42) -- Blue Cadillac (5:09) -- Map of your heart (3:19) -- Picture gallery blues (4:16) -- Light at the top of the stairs (5:16) -- Small house (3:56) -- That's how it is (3:29) -- Run away (3:33) -- Marigold Hall (4:01) -- Last ditch (3:24).
=700  12$aMcCarthy, Cormac$tThe immigrant gangster$1https://isni.org/isni/0000000046450913/picturegalleryblues/01
=700  12$aMcCarthy, Cormac$tBlue Cadillac$1https://isni.org/isni/0000000046450913/picturegalleryblues/02
=700  12$aMcCarthy, Cormac$tMap of your heart$1https://isni.org/isni/0000000046450913/picturegalleryblues/03
=700  12$aMcCarthy, Cormac$tPicture gallery blues$1https://isni.org/isni/0000000046450913/picturegalleryblues/04
=700  12$aMcCarthy, Cormac$tLight at the top of the stairs$1https://isni.org/isni/0000000046450913/picturegalleryblues/05
=700  12$aMcCarthy, Cormac$tSmall house$1https://isni.org/isni/0000000046450913/picturegalleryblues/06
=700  12$aMcCarthy, Cormac$tThat's how it is$1https://isni.org/isni/0000000046450913/picturegalleryblues/07
=700  12$aMcCarthy, Cormac$tRun away$1https://isni.org/isni/0000000046450913/picturegalleryblues/08
=700  12$aMcCarthy, Cormac$tMarigold Hall$1https://isni.org/isni/0000000046450913/picturegalleryblues/09
=700  12$aMcCarthy, Cormac$tLast ditch$1https://isni.org/isni/0000000046450913/picturegalleryblues/10
=508  \\$aProduced by Peter Gallway.
=511  0\$aCormac McCarthy, guitar, vocals ; with vocal and instrumental acc.
=518  \\$aRecorded at Soundworks, Watertown, Mass.; Fishtraks, Portsmouth, NH; and Gallway Bay Music, New York City.

